@inproceedings{lecun1989optimal,
  title={Optimal brain damage.},
  author={LeCun, Yann and Denker, John S and Solla, Sara A and Howard, Richard E and Jackel, Lawrence D},
  booktitle={NIPs},
  volume={89},
  year={1989}
}

@inproceedings{hassibi1993optimal,
  title={Optimal brain surgeon and general network pruning},
  author={Hassibi, Babak and Stork, David G and Wolff, Gregory J},
  booktitle={Neural Networks, 1993., IEEE International Conference on},
  pages={293--299},
  year={1993},
  organization={IEEE}
}

@article{hassibi1994optimal,
  title={Optimal Brain Surgeon: Extensions and performance comparison.},
  author={Hassibi, Babak and Stork, David G and Wolff, Gregory and Watanabe, Takahiro},
  year={1994},
  publisher={Morgan Kaufmann}
}

@article{krizhevsky2014one,
  title={One weird trick for parallelizing convolutional neural networks},
  author={Krizhevsky, Alex},
  journal={arXiv preprint arXiv:1404.5997},
  year={2014}
}

@article{yadan2013multi,
  title={Multi-gpu training of convnets},
  author={Yadan, Omry and Adams, Keith and Taigman, Yaniv and Ranzato, Marcâ€™Aurelio},
  journal={arXiv preprint arXiv:1312.5853},
  volume={9},
  year={2013}
}

@inproceedings{dean2012large,
  title={Large scale distributed deep networks},
  author={Dean, Jeffrey and Corrado, Greg and Monga, Rajat and Chen, Kai and Devin, Matthieu and Mao, Mark and Senior, Andrew and Tucker, Paul and Yang, Ke and Le, Quoc V and others},
  booktitle={Advances in Neural Information Processing Systems},
  pages={1223--1231},
  year={2012}
}

@inproceedings{krizhevsky2012imagenet,
  title={Imagenet classification with deep convolutional neural networks},
  author={Krizhevsky, Alex and Sutskever, Ilya and Hinton, Geoffrey E},
  booktitle={Advances in neural information processing systems},
  pages={1097--1105},
  year={2012}
}

@inproceedings{lee2014model,
  title={On model parallelization and scheduling strategies for distributed machine learning},
  author={Lee, Seunghak and Kim, Jin Kyu and Zheng, Xun and Ho, Qirong and Gibson, Garth A and Xing, Eric P},
  booktitle={Advances in neural information processing systems},
  pages={2834--2842},
  year={2014}
}

@article{miranda2015reducing,
  title={Reducing the Training Time of Neural Networks by Partitioning},
  author={Miranda, Conrado S and Von Zuben, Fernando J},
  journal={arXiv preprint arXiv:1511.02954},
  year={2015}
}

@article{rastegari2016xnor,
  title={XNOR-Net: ImageNet Classification Using Binary Convolutional Neural Networks},
  author={Rastegari, Mohammad and Ordonez, Vicente and Redmon, Joseph and Farhadi, Ali},
  journal={arXiv preprint arXiv:1603.05279},
  year={2016}
}

@article{iandola2016squeezenet,
  title={SqueezeNet: AlexNet-level accuracy with 50x fewer parameters and< 1MB model size},
  author={Iandola, Forrest N and Moskewicz, Matthew W and Ashraf, Khalid and Han, Song and Dally, William J and Keutzer, Kurt},
  journal={arXiv preprint arXiv:1602.07360},
  year={2016}
}

@inproceedings{zhang2013asynchronous,
  title={Asynchronous stochastic gradient descent for DNN training},
  author={Zhang, Shanshan and Zhang, Ce and You, Zhao and Zheng, Rong and Xu, Bo},
  booktitle={Acoustics, Speech and Signal Processing (ICASSP), 2013 IEEE International Conference on},
  pages={6660--6663},
  year={2013},
  organization={IEEE}
}

