@inproceedings{lecun1989optimal,
  title={Optimal brain damage.},
  author={LeCun, Yann and Denker, John S and Solla, Sara A and Howard, Richard E and Jackel, Lawrence D},
  booktitle={NIPs},
  volume={89},
  year={1989}
}

@inproceedings{dean2012large,
  title={Large scale distributed deep networks},
  author={Dean, Jeffrey and Corrado, Greg and Monga, Rajat and Chen, Kai and Devin, Matthieu and Mao, Mark and Senior, Andrew and Tucker, Paul and Yang, Ke and Le, Quoc V and others},
  booktitle={Advances in Neural Information Processing Systems},
  pages={1223--1231},
  year={2012}
}
